@misc{ wiki:Wavelet_transform,
   author = "Wikipedia",
   title = "{Wavelet transform} --- {W}ikipedia{,} The Free Encyclopedia",
   year = "2017",
   howpublished = {\url{http://en.wikipedia.org/w/index.php?title=Wavelet%20transform&oldid=760891626}},
   note = "[Online; accessed 13-March-2017]"
 }
 
 @misc{ wiki:Brain–computer_interface,
 	author = "Wikipedia",
 	title = "{Brain–computer interface} --- {W}ikipedia{,} The Free Encyclopedia",
 	year = "2017",
 	howpublished = {\url{http://en.wikipedia.org/w/index.php?title=Brain%E2%80%93computer%20interface&oldid=769625579}},
 	note = "[Online; accessed 13-March-2017]"
 }
 
 @misc{ wiki:Cochlear_implant,
 	author = "Wikipedia",
 	title = "{Cochlear implant} --- {W}ikipedia{,} The Free Encyclopedia",
 	year = "2017",
 	howpublished = {\url{http://en.wikipedia.org/w/index.php?title=Cochlear%20implant&oldid=768863632}},
 	note = "[Online; accessed 14-March-2017]"
 }
 
 @book{ book:nauka
 	author = "Tomasz Rożek",
 	title = "Nauka po prostu. Wywiady z wybitnymi"
 }
 
 @book{ book:triumf
 	author = "Jürgen Thorwald",
 	title = "Triumf chirurgów: Według zapisków mojego dziadka, chirurga H. St. Hartmanna",
	year = 1958
 }
 